@String{ene = "enero"}
@String{abr = "abril"}
@String{ago = "agosto"}
@String{mar = "marzo"}
@String{jun = "junio"}
@String{nov = "noviembre"}
@String{dic = "diciembre"}

% ACL2


@Misc{osluca,
 title={{Oficina de Software Libre y Conocimiento Abierto de la Universidad de Cádiz}},
 howpublished ="\url{http://osl.uca.es}",
 annote = {

  Oficina de Software Libre y Conocimiento Abierto de la Universidad de Cádiz, en la que
  trabajé como becario durante el desarrollo del proyecto, realizando labores de organización
  y gestión de eventos, administración de software y asistencia técnica.
},
}

@Misc{kauf05,
  author = "Matt Kaufmann and J Strother Moore",
  title  = {{How To Prove Theorems Formally}},
  howpublished = "\url{http://www.cs.utexas.edu/users/moore/publications/how-to-prove-thms/main.pdf}",
  month  = ago,
  year   = 2005,
  annote = { 

Este tutorial introductorio a \ac{ACL2} sirvi\'o como base para
establecer los casos a tratar en las dos primeras iteraciones. Adem\'as
de dar una breve introducci\'on a qu\'e es \ac{ACL2}, da ejemplos y
recomendaciones acerca de c\'omo usarlo para programar y para demostrar
teoremas.

},
}

@Book{gof,
  author =       {Erich Gamma and Richard Helm and Ralph Johnson and John Vlissides},
  title =        {Patrones de Dise<F1>o},
  publisher =    {Addison-Wesley},
  year =         {2003},

  annote = {

    Traducci\'on al espa<F1>ol del libro que populariz\'o el dise<F1>o basado en
    patrones. Se listan patrones de comportamiento, estructurales y de
    creaci\'on de objetos. Aunque el concepto de ``patr\'on'' como
    soluci\'on gen\'erica a un tipo de problema en un contexto determinado
    fue creado por un arquitecto, Christopher Alexander, la disciplina
    donde ha tenido m\'as \'exito e implantaci\'on ha sido en la ingenier{\'\dotlessi}a
    de software.

  },
}
