@book{DBLP:books/aw/Stroustrup91,
  author    = {Bjarne Stroustrup},
  title     = {The C++ Programming Language, Second Edition},
  publisher = {Addison-Wesley},
  year      = {1991},
  isbn      = {0-201-53992-6},
  bibsource = {DBLP, http://dblp.uni-trier.de}
}

@book{GammaHJV93,
  author    = {Erich Gamma and
               Richard Helm and
               Ralph E. Johnson and
               John M. Vlissides},
  title     = {Design Patterns: Elements of Reusable Object-Oriented Software},
  publisher = {Addison-Wesley},
  year      = {1994},
  isbn	    = {0-201-63361-2},  
  bibsource = {Hecho a mano, http://www.om3.com.es}
}
